
@article{kramer_development_2007,
	title = {Development environments for autonomous mobile robots: A survey},
	volume = {22},
	shorttitle = {Development environments for autonomous mobile robots},
	url = {http://www.springerlink.com/index/V57531724H624440.pdf},
	number = {2},
	urldate = {2013-02-21},
	journal = {Autonomous Robots},
	author = {Kramer, James and Scheutz, Matthias},
	year = {2007},
	pages = {101–132},
	file = {art3A10.10072Fs10514-006-9013-8.pdf:/home/hwp/.mozilla/firefox/8scdd80y.default/zotero/storage/8I785WVK/art3A10.10072Fs10514-006-9013-8.pdf:application/pdf}
},

@misc{_documentation_2013,
	title = {Documentation - {ROS} Wiki},
	url = {http://www.ros.org/wiki/},
	urldate = {2013-02-21},
	year = {2013},
	howpublished = {http://www.ros.org/wiki/},
	file = {Documentation - ROS Wiki:/home/hwp/.mozilla/firefox/8scdd80y.default/zotero/storage/E5C4M7V4/wiki.html:text/html}
},

@inproceedings{quigley_ros:_2009,
	title = {{ROS:} an open-source Robot Operating System},
	volume = {3},
	lccn = {0494},
	shorttitle = {{ROS}},
	url = {http://pub1.willowgarage.com/~konolige/cs225B/docs/quigley-icra2009-ros.pdf},
	urldate = {2013-02-05},
	booktitle = {{ICRA} workshop on open source software},
	author = {Quigley, M. and Gerkey, B. and Conley, K. and Faust, J. and Foote, T. and Leibs, J. and Berger, E. and Wheeler, R. and Ng, A.},
	year = {2009},
	file = {quigley-icra2009-ros.pdf:/home/hwp/.mozilla/firefox/8scdd80y.default/zotero/storage/PKBQTGR6/quigley-icra2009-ros.pdf:application/pdf}
},

@article{roalter_middleware_2010,
	title = {A middleware for intelligent environments and the internet of things},
	url = {http://www.springerlink.com/index/663V3L5616882424.pdf},
	urldate = {2013-02-22},
	journal = {Ubiquitous Intelligence and Computing},
	author = {Roalter, Luis and Kranz, Matthias and Möller, Andreas},
	year = {2010},
	pages = {267–281},
	file = {chp3A10.10072F978-3-642-16355-5_23.pdf:/home/hwp/.mozilla/firefox/8scdd80y.default/zotero/storage/FVRT3JQA/chp3A10.10072F978-3-642-16355-5_23.pdf:application/pdf}
},

@inproceedings{collett_player_2005,
	title = {Player 2.0: Toward a practical robot programming framework},
	shorttitle = {Player 2.0},
	url = {http://dns3.dotgeo.org/pubs/files/1220.pdf},
	urldate = {2013-02-22},
	booktitle = {Proceedings of the Australasian Conference on Robotics and Automation ({ACRA} 2005)},
	author = {Collett, Toby {HJ} and {MacDonald}, Bruce A. and Gerkey, Brian P.},
	year = {2005},
	file = {11.pdf:/home/hwp/.mozilla/firefox/8scdd80y.default/zotero/storage/JCCV3VUR/11.pdf:application/pdf}
},

@article{cousins_sharing_2010,
	title = {Sharing Software with {ROS}},
	volume = {17},
	url = {http://ieeexplore.ieee.org/xpls/abs_all.jsp?arnumber=5480439},
	number = {2},
	urldate = {2013-02-27},
	journal = {Robotics \& Automation Magazine, {IEEE}},
	author = {Cousins, Steve and Gerkey, Brian and Conley, Ken and Willow Garage},
	year = {2010},
	pages = {12–14},
	file = {05480439.pdf:/home/hwp/.mozilla/firefox/8scdd80y.default/zotero/storage/SBKEQCCE/05480439.pdf:application/pdf}
}